@book{ref-book,
  title     = "Изучаем программирование на JavaScript",
  author    = "Фримен Эрик",
  year      = 2022,
  publisher = "Питер",
  pages = 640,
  language = "русский"
}


